<record><leader>00000cas a22000007a 4500</leader><controlfield tag="001">23184601</controlfield><controlfield tag="008">910304d18751881couwr ne      0    0eng d</controlfield><controlfield tag="009">9774</controlfield><datafield ind1=" " ind2=" " tag="010"><subfield code="a">sn 91052260 </subfield></datafield><datafield ind1=" " ind2=" " tag="040"><subfield code="a">CNQ</subfield><subfield code="b">eng</subfield><subfield code="c">CNQ</subfield><subfield code="d">CNK</subfield><subfield code="d">DLC</subfield><subfield code="d">OCLCF</subfield></datafield><datafield ind1=" " ind2=" " tag="042"><subfield code="a">msc</subfield></datafield><datafield ind1=" " ind2=" " tag="043"><subfield code="a">n-us-co</subfield></datafield><datafield ind1="0" ind2="0" tag="050"><subfield code="a">Newspaper</subfield></datafield><datafield ind1="0" ind2="0" tag="245"><subfield code="a">Colorado weekly chieftain.</subfield></datafield><datafield ind1="0" ind2="3" tag="246"><subfield code="a">Pueblo weekly chieftain and people</subfield></datafield><datafield ind1="0" ind2="7" tag="246"><subfield code="a">Chieftain and people</subfield></datafield><datafield ind1=" " ind2=" " tag="260"><subfield code="a">Pueblo, Colo. :</subfield><subfield code="b">Lambert &amp; Co.,</subfield></datafield><datafield ind1=" " ind2=" " tag="300"><subfield code="a">v.</subfield></datafield><datafield ind1=" " ind2=" " tag="310"><subfield code="a">Weekly</subfield></datafield><datafield ind1="0" ind2=" " tag="362"><subfield code="a">Vol. 8, whole no. 355 (Mar. 11, 1875)-whole no. 702 (Nov. 3, 1881).</subfield></datafield><datafield ind1=" " ind2=" " tag="530"><subfield code="a">Available on microfilm from the Colorado Historical Society.</subfield></datafield><datafield ind1=" " ind2="0" tag="651"><subfield code="a">Pueblo (Colo.)</subfield><subfield code="v">Newspapers.</subfield></datafield><datafield ind1=" " ind2="0" tag="651"><subfield code="a">Pueblo County (Colo.)</subfield><subfield code="v">Newspapers.</subfield></datafield><datafield ind1=" " ind2="7" tag="655"><subfield code="a">Newspapers.</subfield><subfield code="2">fast</subfield><subfield code="0">(OCoLC)fst01423814</subfield></datafield><datafield ind1=" " ind2="7" tag="651"><subfield code="a">Colorado</subfield><subfield code="z">Pueblo.</subfield><subfield code="2">fast</subfield><subfield code="0">(OCoLC)fst01206395</subfield></datafield><datafield ind1=" " ind2="7" tag="651"><subfield code="a">Colorado</subfield><subfield code="z">Pueblo County.</subfield><subfield code="2">fast</subfield><subfield code="0">(OCoLC)fst01209336</subfield></datafield><datafield ind1=" " ind2=" " tag="752"><subfield code="a">United States</subfield><subfield code="b">Colorado</subfield><subfield code="c">Pueblo</subfield><subfield code="d">Pueblo.</subfield></datafield><datafield ind1="0" ind2=" " tag="775"><subfield code="t">Colorado daily chieftain</subfield><subfield code="w">(DLC)sn 84022269</subfield></datafield><datafield ind1="0" ind2="0" tag="780"><subfield code="t">Colorado chieftain (Pueblo, Colo. : 1868)</subfield><subfield code="w">(DLC)sn 84022268</subfield><subfield code="w">(OCoLC)10336014</subfield></datafield><datafield ind1="0" ind2="0" tag="785"><subfield code="t">Colorado chieftain (Pueblo, Colo. : 1881)</subfield><subfield code="w">(DLC)sn 91052315</subfield><subfield code="w">(OCoLC)23244672</subfield></datafield></record>